%% This BibTeX bibliography file was created using BibDesk.
%% http://bibdesk.sourceforge.net/


%% Created for User at 2017-09-07 22:05:33 +0200 


%% Saved with string encoding Unicode (UTF-8) 



@techreport{sim_hassan,
	Author = {Hassan Arif},
	Date-Added = {2017-09-07 20:03:30 +0000},
	Date-Modified = {2017-09-07 20:05:32 +0000},
	Institution = {Ecole Polytechnique Federale de Lausanne (EPFL)},
	Title = {Identification and Control of a High Power Rocket},
	Year = {2017}}

@book{ecss,
	Author = {ESA },
	Date-Added = {2017-09-07 19:40:07 +0000},
	Date-Modified = {2017-09-07 19:42:53 +0000},
	Publisher = {ESA Requirements and Standards Division ESTEC},
	Title = {ECSS Space Engineering},
	Year = {2011}}

@misc{mars,
	Author = {NASA},
	Date-Added = {2017-09-07 14:14:00 +0000},
	Date-Modified = {2017-09-07 14:27:35 +0000},
	Howpublished = {https://www.nasa.gov/centers/armstrong/features/mars_airplane.html},
	Month = {June},
	Title = {Could This Become the First Mars Airplane?},
	Year = {2015}}
